@article{moravvcik2017deepstack,
  title={Deepstack: Expert-level artificial intelligence in heads-up no-limit poker},
  author={Morav{\v{c}}{\'\i}k, Matej and Schmid, Martin and Burch, Neil and Lis{\`y}, Viliam and Morrill, Dustin and Bard, Nolan and Davis, Trevor and Waugh, Kevin and Johanson, Michael and Bowling, Michael},
  journal={Science},
  volume={356},
  number={6337},
  pages={508--513},
  year={2017},
  publisher={American Association for the Advancement of Science}
}
@article{brown2018superhuman,
  title={Superhuman AI for heads-up no-limit poker: Libratus beats top professionals},
  author={Brown, Noam and Sandholm, Tuomas},
  journal={Science},
  volume={359},
  number={6374},
  pages={418--424},
  year={2018},
  publisher={American Association for the Advancement of Science}
}

@article{brown2019superhuman,
  title={Superhuman AI for multiplayer poker},
  author={Brown, Noam and Sandholm, Tuomas},
  journal={Science},
  pages={eaay2400},
  year={2019},
  publisher={American Association for the Advancement of Science}
}
@inproceedings{zinkevich2008regret,
  title={Regret minimization in games with incomplete information},
  author={Zinkevich, Martin and Johanson, Michael and Bowling, Michael and Piccione, Carmelo},
  booktitle={Advances in neural information processing systems},
  pages={1729--1736},
  year={2008}
}

@inproceedings{brown2016strategy,
  title={Strategy-based warm starting for regret minimization in games},
  author={Brown, Noam and Sandholm, Tuomas},
  booktitle={Thirtieth AAAI Conference on Artificial Intelligence},
  year={2016}
}
@inproceedings{lanctot2009monte,
  title={Monte Carlo sampling for regret minimization in extensive games},
  author={Lanctot, Marc and Waugh, Kevin and Zinkevich, Martin and Bowling, Michael},
  booktitle={Advances in neural information processing systems},
  pages={1078--1086},
  year={2009}
}
@inproceedings{brown2017reduced,
  title={Reduced space and faster convergence in imperfect-information games via pruning},
  author={Brown, Noam and Sandholm, Tuomas},
  booktitle={International conference on machine learning},
  pages={596--604},
  year={2017}
}

@article{adami2016evolutionary,
  title={Evolutionary game theory using agent-based methods},
  author={Adami, Christoph and Schossau, Jory and Hintze, Arend},
  journal={Physics of life reviews},
  volume={19},
  pages={1--26},
  year={2016},
  publisher={Elsevier}
}
@inproceedings{neller2011approximating,
  title={Approximating optimal Dudo play with fixed-strategy iteration counterfactual regret minimization},
  author={Neller, Todd W and Hnath, Steven},
  booktitle={Advances in Computer Games},
  pages={170--183},
  year={2011},
  organization={Springer}
}
@article{gilpin2007lossless,
  title={Lossless abstraction of imperfect information games},
  author={Gilpin, Andrew and Sandholm, Tuomas},
  journal={Journal of the ACM (JACM)},
  volume={54},
  number={5},
  pages={25},
  year={2007},
  publisher={ACM}
}
@inproceedings{gilpin2006finding,
  title={Finding equilibria in large sequential games of imperfect information},
  author={Gilpin, Andrew and Sandholm, Tuomas},
  booktitle={Proceedings of the 7th ACM conference on Electronic commerce},
  pages={160--169},
  year={2006}
}
@inproceedings{brown2019deep,
  title={Deep counterfactual regret minimization},
  author={Brown, Noam and Lerer, Adam and Gross, Sam and Sandholm, Tuomas},
  booktitle={International conference on machine learning},
  pages={793--802},
  year={2019}
}
@book{myerson2013game,
  title={Game theory},
  author={Myerson, Roger B},
  year={2013},
  publisher={Harvard university press}
}
@inproceedings{brown2017reduced,
  title={Reduced space and faster convergence in imperfect-information games via pruning},
  author={Brown, Noam and Sandholm, Tuomas},
  booktitle={International conference on machine learning},
  pages={596--604},
  year={2017}
}
@article{adami2016evolutionary,
  title={Evolutionary game theory using agent-based methods},
  author={Adami, Christoph and Schossau, Jory and Hintze, Arend},
  journal={Physics of life reviews},
  volume={19},
  pages={1--26},
  year={2016},
  publisher={Elsevier}
}
@inproceedings{neller2011approximating,
  title={Approximating optimal Dudo play with fixed-strategy iteration counterfactual regret minimization},
  author={Neller, Todd W and Hnath, Steven},
  booktitle={Advances in Computer Games},
  pages={170--183},
  year={2011},
  organization={Springer}
}
@article{gilpin2007lossless,
  title={Lossless abstraction of imperfect information games},
  author={Gilpin, Andrew and Sandholm, Tuomas},
  journal={Journal of the ACM (JACM)},
  volume={54},
  number={5},
  pages={25},
  year={2007},
  publisher={ACM}
}
@inproceedings{gilpin2006finding,
  title={Finding equilibria in large sequential games of imperfect information},
  author={Gilpin, Andrew and Sandholm, Tuomas},
  booktitle={Proceedings of the 7th ACM conference on Electronic commerce},
  pages={160--169},
  year={2006}
}
@inproceedings{brown2019deep,
  title={Deep counterfactual regret minimization},
  author={Brown, Noam and Lerer, Adam and Gross, Sam and Sandholm, Tuomas},
  booktitle={International conference on machine learning},
  pages={793--802},
  year={2019}
}
@article{brown2020combining,
  title={Combining deep reinforcement learning and search for imperfect-information games},
  author={Brown, Noam and Bakhtin, Anton and Lerer, Adam and Gong, Qucheng},
  journal={Advances in Neural Information Processing Systems},
  volume={33},
  year={2020}
}
@inproceedings{johanson2011accelerating,
  title={Accelerating best response calculation in large extensive games},
  author={Johanson, Michael and Waugh, Kevin and Bowling, Michael and Zinkevich, Martin},
  booktitle={IJCAI},
  volume={11},
  pages={258--265},
  year={2011}
}
@article{yiimprove,
  title={Improve Counterfactual Regret Minimization for Card Game Cheat},
  author={Yi, Cheng and Kaneko, Tomoyuki}
}
@article{bowling2015heads,
  title={Heads-up limit holdâ€™em poker is solved},
  author={Bowling, Michael and Burch, Neil and Johanson, Michael and Tammelin, Oskari},
  journal={Science},
  volume={347},
  number={6218},
  pages={145--149},
  year={2015},
  publisher={American Association for the Advancement of Science}
}
@inproceedings{brown2015simultaneous,
  title={Simultaneous abstraction and equilibrium finding in games},
  author={Brown, Noam and Sandholm, Tuomas},
  booktitle={Twenty-fourth international joint conference on artificial intelligence},
  year={2015}
}
@article{lanctot2013monte,
  title={Monte Carlo sampling and regret minimization for equilibrium computation and decision-making in large extensive form games},
  author={Lanctot, Marc},
  year={2013}
}
@article{brown2015regret,
  title={Regret-based pruning in extensive-form games},
  author={Brown, Noam and Sandholm, Tuomas},
  journal={Advances in neural information processing systems},
  volume={28},
  pages={1972--1980},
  year={2015}
}
@inproceedings{kroer2015faster,
  title={Faster first-order methods for extensive-form game solving},
  author={Kroer, Christian and Waugh, Kevin and Kilin{\c{c}}-Karzan, Fatma and Sandholm, Tuomas},
  booktitle={Proceedings of the Sixteenth ACM Conference on Economics and Computation},
  pages={817--834},
  year={2015}
}